@article{cooper,
  title={Dispersion processes},
  author={Cooper, Colin and McDowell, Andrew and Radzik, Tomasz and Rivera, Nicol{\'a}s and Shiraga, Takeharu},
  journal={Random Structures \& Algorithms},
  volume={53},
  number={4},
  pages={561--585},
  year={2018},
  publisher={Wiley Online Library}
}
  
@article{dispersion,
  title={Dispersion on the Complete Graph}, 
  author={De Ambroggio, Umberto and Makai, Tam{\'a}s and Panagiotou, Konstantinos},
  journal={arXiv preprint arXiv:2306.02474},
  year={2023}
}
